@article{iwaniszewski1994astroarqueologia,
  title={De la astroarqueolog{\'\i}a a la astronom{\'\i}a cultural},
  author={Iwaniszewski, Stanislaw},
  journal={Trabajos de prehistoria},
  volume={51},
  number={2},
  pages={5--20},
  year={1994}
}

@misc{cartografiasCruzConstelacion,
	author = {Museo Nacional Bellas Artes},
	title = {{C}ruz del {S}ur / {C}onstelacion {C}{R}{U}{X} / {S}onificaci\&#x{F}3;n / {M}ontevideo, {U}ruguay - {B}rian {M}ackern - {O}{C}{T}{U}{B}{R}{E} 2022  --- cartografias.org},
	howpublished = {\url{http://cartografias.org/sonificaciones/crux/}},
	year = {Octubre 2022 - Febrero 2023},
	note = {[Accessed 01-06-2024]},
}

@misc{fandomBecrux,
	author = {},
	title = {{B}ecrux --- astronomia.fandom.com},
	howpublished = {\url{https://astronomia.fandom.com/wiki/Becrux}},
	year = {},
	note = {[Accessed 01-06-2024]},
}